@article{arias2011empirical,
  title={An empirical study of real-world SPARQL queries},
  author={Arias, Mario and Fern{\'a}ndez, Javier D and Mart{\'\i}nez-Prieto, Miguel A and de la Fuente, Pablo},
  journal={arXiv preprint arXiv:1103.5043},
  year={2011}
}
@inproceedings{verborgh2014lonesome,
  title={The Lonesome {LOD} Cloud},
  author={Verborgh, Ruben},
  booktitle={Proceedings of the 4th USEWOD Workshop on Usage Analysis and the Web of Data},
  year={2014}
}
@inproceedings{usewod2015,
  author = {Verborgh, Ruben},
  title = {{DBpedia's} {Triple Pattern Fragments}: Usage Patterns and Insights},
  booktitle = {The Semantic Web: ESWC 2015 Satellite Events},
  editor = {Gandon, Fabien and Gu\'eret, Christophe and Villata, Serena and Breslin, John and Faron-Zucker, Catherine and Zimmermann, Antoine},
  series = {Lecture Notes in Computer Science},
  volume = 9341,
  publisher = {Springer},
  pages = {431--442},
  year = 2015,
  month = jun,
  isbn = {978-3-319-25638-2},
  doi = {10.1007/978-3-319-25639-9_54},
  url = {http://linkeddatafragments.org/publications/eswc2015-workshops.pdf},
  month_numeric = 6,
}
@inproceedings{lc,
  author = {Colpaert, Pieter and Llaves, Alejandro and Verborgh, Ruben and Corcho, Oscar and Mannens, Erik and Van de Walle, Rik},
  booktitle = {Proceedings of the 14th International Semantic Web Conference: Posters and Demos},
  title = {Intermodal public transit routing using {Linked Connections}},
  year = 2015,
  month = oct,
}
@inproceedings{ldf,
  title = {Web-Scale Querying through {Linked Data Fragments}},
  author = {Verborgh, Ruben and Vander Sande, Miel and Colpaert, Pieter and Coppens, Sam and Mannens, Erik and Van de Walle, Rik},
  year = 2014,
  month = apr,
  booktitle = {Proceedings of the 7th Workshop on Linked Data on the Web},
  url = {http://events.linkeddata.org/ldow2014/papers/ldow2014_paper_04.pdf},
}
@article{beecham,
  title={Studying commuting behaviours using collaborative visual analytics},
  author={Beecham, Roger and Wood, Jo and Bowerman, Audrey},
  journal={Computers, Environment and Urban Systems},
  volume={47},
  pages={5--15},
  year={2014},
  publisher={Elsevier}
}
@article{ferreira,
  title={Visual exploration of big spatio-temporal urban data: A study of new york city taxi trips},
  author={Ferreira, Nuno and Poco, Jorge and Vo, Huy T and Freire, Juliana and Silva, Cl{\'a}udio T},
  journal={Visualization and Computer Graphics, IEEE Transactions on},
  volume={19},
  number={12},
  pages={2149--2158},
  year={2013},
  publisher={IEEE}
}
@phdthesis{fielding,
  title={Architectural styles and the design of network-based software architectures},
  author={Fielding, Roy Thomas},
  year={2000},
  school={University of California, Irvine}
}
@article{wood,
  title={Using social media to quantify nature-based tourism and recreation},
  author={Wood, Spencer A and Guerry, Anne D and Silver, Jessica M and Lacayo, Martin},
  journal={Scientific reports},
  volume={3},
  year={2013},
  publisher={Nature Publishing Group}
}
@article{silvestri,
  title={Mining query logs: Turning search usage data into knowledge},
  author={Silvestri, Fabrizio},
  journal={Foundations and Trends in Information Retrieval},
  volume={4},
  number={1â€”2},
  pages={1--174},
  year={2010},
  publisher={Now Publishers Inc.}
}
@article{roth,
  title={Structure of urban movements: polycentric activity and entangled hierarchical flows},
  author={Roth, Camille and Kang, Soong Moon and Batty, Michael and Barth{\'e}lemy, Marc},
  journal={PloS one},
  volume={6},
  number={1},
  pages={e15923},
  year={2011},
  publisher={Public Library of Science}
}
@inproceedings{robinson2008collaborative,
  title={Collaborative synthesis of visual analytic results},
  author={Robinson, Anthony C},
  booktitle={Visual Analytics Science and Technology, 2008. VAST'08. IEEE Symposium on},
  pages={67--74},
  year={2008},
  organization={IEEE}
}
@incollection{kraak2008exploratory,
  title={Exploratory visualization},
  author={Kraak, Menno-Jan},
  booktitle={Encyclopedia of GIS},
  pages={301--307},
  year={2008},
  publisher={Springer}
}
@article{andrienko2012visual,
  title={Visual analytics of movement: An overview of methods, tools and procedures},
  author={Andrienko, Natalia and Andrienko, Gennady},
  journal={Information Visualization},
  pages={1473871612457601},
  year={2012},
  publisher={Sage Publications}
}
@article{krzywinski2009circos,
  title={Circos: an information aesthetic for comparative genomics},
  author={Krzywinski, Martin and Schein, Jacqueline and Birol, Inanc and Connors, Joseph and Gascoyne, Randy and Horsman, Doug and Jones, Steven J and Marra, Marco A},
  journal={Genome research},
  volume={19},
  number={9},
  pages={1639--1645},
  year={2009},
  publisher={Cold Spring Harbor Lab}
}
@article{andrienko2007visual,
  title={Visual analytics tools for analysis of movement data},
  author={Andrienko, Gennady and Andrienko, Natalia and Wrobel, Stefan},
  journal={ACM SIGKDD Explorations Newsletter},
  volume={9},
  number={2},
  pages={38--46},
  year={2007},
  publisher={ACM}
}
@article{phan2005flow,
  title={Flow map layout},
  author={Phan, Doantam and Xiao, Ling and Yeh, Ron and Hanrahan, Pat and Winograd, Terry},
  year={2005},
  publisher={IEEE}
}
@misc{servillo2013town,
  title={TOWN: Small and medium sized towns in their functional territorial context},
  author={Servillo, L and Atkinson, R and Smith, I and Russo, A and S{\`y}kora, Lk and Demazi{\`e}re, C and Hamdouche, AI},
  year={2013}
}
@book{christaller1966central,
  title={Central places in southern Germany},
  author={Christaller, Walter},
  year={1966},
  publisher={Prentice-Hall}
}
@inproceedings{sevtsuk,
  title={Does urban mobility have a daily routine? Explorations using aggregate mobile network data},
  author={Sevtsuk, Andres and Ratti, Carlo},
  booktitle={Proceedings of the 11th International Conference on Computers in Urban Planning and Urban Management},
  year={2009}
}
@article{kitchin,
  title={The real-time city? Big data and smart urbanism},
  author={Kitchin, Rob},
  journal={GeoJournal},
  volume={79},
  number={1},
  pages={1--14},
  year={2014},
  publisher={Springer}
}
@article{batty,
  title={Smart cities of the future},
  author={Batty, Michael and Axhausen, Kay W and Giannotti, Fosca and Pozdnoukhov, Alexei and Bazzani, Armando and Wachowicz, Monica and Ouzounis, Georgios and Portugali, Yuval},
  journal={The European Physical Journal Special Topics},
  volume={214},
  number={1},
  pages={481--518},
  year={2012},
  publisher={Springer}
}
@incollection{chua2014flowsampler,
  title={FlowSampler: Visual Analysis of Urban Flows in Geolocated Social Media Data},
  author={Chua, Alvin and Marcheggiani, Ernesto and Servillo, Loris and Vande Moere, Andrew},
  booktitle={Social Informatics},
  pages={5--17},
  year={2014},
  publisher={Springer}
}
@article{thomas2006visual,
  title={A visual analytics agenda},
  author={Thomas, James J and Cook, Kristin and others},
  journal={Computer Graphics and Applications, IEEE},
  volume={26},
  number={1},
  pages={10--13},
  year={2006},
  publisher={IEEE}
}
@inproceedings{holten2011extended,
  title={An extended evaluation of the readability of tapered, animated, and textured directed-edge representations in node-link graphs},
  author={Holten, Danny and Isenberg, Petra and Van Wijk, Jarke J and Fekete, Jean-Daniel},
  booktitle={Pacific Visualization Symposium (PacificVis), 2011 IEEE},
  pages={195--202},
  year={2011},
  organization={IEEE}
}
@article{hurter2014bundled,
  title={{Bundled Visualization of DynamicGraph and Trail Data}},
  author={Hurter, Christophe and Ersoy, Ozan and Fabrikant, Sara Irina and Klein, Tijmen R and Telea, Alexandru C},
  journal={Visualization and Computer Graphics, IEEE Transactions on},
  volume={20},
  number={8},
  pages={1141--1157},
  year={2014},
  publisher={IEEE}
}